@Article{godel,
author = {Kurt G{\"o}del},
title = {On formally undecible propistion},
journal = {Math. and Phisics},
year = {1931},
OPTkey = {},
OPTvolume = {38},
OPTnumber = {},
OPTpages = {173--198},
OPTmonth = {},
OPTnote = {},
OPTannote = {}
}
